<record><leader>00000cas a22000007a 4500</leader><controlfield tag="001">11474398</controlfield><controlfield tag="008">841210d18941902nyudn ne      0    0eng d</controlfield><datafield ind1=" " ind2=" " tag="010"><subfield code="a">sn 84031953 </subfield></datafield><datafield ind1=" " ind2=" " tag="040"><subfield code="a">NYG</subfield><subfield code="b">eng</subfield><subfield code="c">NYG</subfield><subfield code="d">NPX</subfield><subfield code="d">NYS</subfield><subfield code="d">OCLCQ</subfield></datafield><datafield ind1=" " ind2=" " tag="042"><subfield code="a">msc</subfield></datafield><datafield ind1="0" ind2=" " tag="130"><subfield code="a">Daily gazette (Schenectady, N.Y. : 1894)</subfield></datafield><datafield ind1="1" ind2="0" tag="245"><subfield code="a">Daily gazette.</subfield></datafield><datafield ind1=" " ind2=" " tag="260"><subfield code="a">Schenectady, N.Y. :</subfield><subfield code="b">Schenectady Printing Association,</subfield><subfield code="c">1894-[1902]</subfield></datafield><datafield ind1=" " ind2=" " tag="300"><subfield code="a">v. ;</subfield><subfield code="c">60 cm.</subfield></datafield><datafield ind1=" " ind2=" " tag="310"><subfield code="a">Daily (except Sunday)</subfield></datafield><datafield ind1="0" ind2=" " tag="362"><subfield code="a">Vol. 1, no. 1 (Oct. 1, 1894)-</subfield></datafield><datafield ind1="1" ind2=" " tag="362"><subfield code="a">Ceased in Aug. 1902.</subfield></datafield><datafield ind1=" " ind2="4" tag="651"><subfield code="a">Schenectady (N.Y.)</subfield><subfield code="v">Newspapers.</subfield></datafield><datafield ind1=" " ind2=" " tag="752"><subfield code="a">United States</subfield><subfield code="b">New York</subfield><subfield code="c">Schenectady</subfield><subfield code="d">Schenectady.</subfield></datafield><datafield ind1="0" ind2=" " tag="775"><subfield code="t">Semi-weekly gazette (Schenectady, N.Y.)</subfield><subfield code="w">(DLC)sn 84031957</subfield></datafield><datafield ind1="0" ind2=" " tag="775"><subfield code="t">Weekly gazette (Schenectady, N.Y.)</subfield><subfield code="w">(DLC)sn 84035534</subfield></datafield><datafield ind1="0" ind2="0" tag="785"><subfield code="t">Schenectady gazette (Schenectady, N.Y. : 1902)</subfield><subfield code="w">(DLC)sn 83031693</subfield></datafield><datafield ind1="1" ind2=" " tag="029"><subfield code="a">AU@</subfield><subfield code="b">000022575910</subfield></datafield></record>